@article{einstein1905,
  author  = {Einstein, Albert},
  title   = {Zur Elektrodynamik bewegter KÃ¶rper},
  journal = {Annalen der Physik},
  volume  = {322},
  number  = {10},
  pages   = {891--921},
  year    = {1905},
  doi     = {10.1002/andp.19053221004},
}

@book{knuth1984,
  author    = {Knuth, Donald E.},
  title     = {The TeXbook},
  publisher = {Addison-Wesley Professional},
  year      = {1984},
  isbn      = {0-201-13448-9},
}

@book{lamport1994,
  author    = {Lamport, Leslie},
  title     = {LaTeX: A Document Preparation System},
  edition   = {2nd},
  publisher = {Addison-Wesley Professional},
  year      = {1994},
  isbn      = {0201529831},
}

@misc{dataset2023,
    author = {Data Repository},
    title  = {Benchmark Dataset for Time Series Analysis},
    year   = {2023},
    howpublished = {\url{http://example.com/data}},
    note = {Accesso: 21-10-2025}
}